%YAML 1.1
%TAG !u! tag:unity3d.com,2011:
--- !u!1 &2325843302745297322
GameObject:
  m_ObjectHideFlags: 0
  m_CorrespondingSourceObject: {fileID: 0}
  m_PrefabInstance: {fileID: 0}
  m_PrefabAsset: {fileID: 0}
  serializedVersion: 6
  m_Component:
  - component: {fileID: 2325843302745297320}
  - component: {fileID: 2325843302745297323}
  - component: {fileID: 2593789333344759550}
  m_Layer: 0
  m_Name: Ladder 1
  m_TagString: Ladder
  m_Icon: {fileID: 0}
  m_NavMeshLayer: 0
  m_StaticEditorFlags: 0
  m_IsActive: 1
--- !u!4 &2325843302745297320
Transform:
  m_ObjectHideFlags: 0
  m_CorrespondingSourceObject: {fileID: 0}
  m_PrefabInstance: {fileID: 0}
  m_PrefabAsset: {fileID: 0}
  m_GameObject: {fileID: 2325843302745297322}
  m_LocalRotation: {x: 0, y: 0, z: 0, w: 1}
  m_LocalPosition: {x: 2.94, y: 3.14, z: 0}
  m_LocalScale: {x: 1, y: 0.9, z: 1}
  m_Children:
  - {fileID: 276274138812164400}
  - {fileID: 276274138771945608}
  - {fileID: 276274140103466553}
  - {fileID: 2325843302467557102}
  m_Father: {fileID: 0}
  m_RootOrder: 0
  m_LocalEulerAnglesHint: {x: 0, y: 0, z: 0}
--- !u!114 &2325843302745297323
MonoBehaviour:
  m_ObjectHideFlags: 0
  m_CorrespondingSourceObject: {fileID: 0}
  m_PrefabInstance: {fileID: 0}
  m_PrefabAsset: {fileID: 0}
  m_GameObject: {fileID: 2325843302745297322}
  m_Enabled: 1
  m_EditorHideFlags: 0
  m_Script: {fileID: 11500000, guid: a0cc54b763fd8954a8e101a5f05705fc, type: 3}
  m_Name: 
  m_EditorClassIdentifier: 
--- !u!61 &2593789333344759550
BoxCollider2D:
  m_ObjectHideFlags: 0
  m_CorrespondingSourceObject: {fileID: 0}
  m_PrefabInstance: {fileID: 0}
  m_PrefabAsset: {fileID: 0}
  m_GameObject: {fileID: 2325843302745297322}
  m_Enabled: 1
  m_Density: 1
  m_Material: {fileID: 0}
  m_IsTrigger: 1
  m_UsedByEffector: 0
  m_UsedByComposite: 0
  m_Offset: {x: 0, y: -0.11345863}
  m_SpriteTilingProperty:
    border: {x: 0, y: 0, z: 0, w: 0}
    pivot: {x: 0, y: 0}
    oldSize: {x: 0, y: 0}
    newSize: {x: 0, y: 0}
    adaptiveTilingThreshold: 0
    drawMode: 0
    adaptiveTiling: 0
  m_AutoTiling: 0
  serializedVersion: 2
  m_Size: {x: 0.034168243, y: 4.624873}
  m_EdgeRadius: 0
--- !u!1001 &276274138775307898
PrefabInstance:
  m_ObjectHideFlags: 0
  serializedVersion: 2
  m_Modification:
    m_TransformParent: {fileID: 2325843302745297320}
    m_Modifications:
    - target: {fileID: 2563265020844085393, guid: 1c244c9a1da58c14b973b4aa87754d90,
        type: 3}
      propertyPath: m_Name
      value: Ladder
      objectReference: {fileID: 0}
    - target: {fileID: 2563265020844085396, guid: 1c244c9a1da58c14b973b4aa87754d90,
        type: 3}
      propertyPath: m_LocalPosition.x
      value: 0
      objectReference: {fileID: 0}
    - target: {fileID: 2563265020844085396, guid: 1c244c9a1da58c14b973b4aa87754d90,
        type: 3}
      propertyPath: m_LocalPosition.y
      value: -1.867064
      objectReference: {fileID: 0}
    - target: {fileID: 2563265020844085396, guid: 1c244c9a1da58c14b973b4aa87754d90,
        type: 3}
      propertyPath: m_LocalPosition.z
      value: 145.63507
      objectReference: {fileID: 0}
    - target: {fileID: 2563265020844085396, guid: 1c244c9a1da58c14b973b4aa87754d90,
        type: 3}
      propertyPath: m_LocalRotation.x
      value: -0
      objectReference: {fileID: 0}
    - target: {fileID: 2563265020844085396, guid: 1c244c9a1da58c14b973b4aa87754d90,
        type: 3}
      propertyPath: m_LocalRotation.y
      value: -0
      objectReference: {fileID: 0}
    - target: {fileID: 2563265020844085396, guid: 1c244c9a1da58c14b973b4aa87754d90,
        type: 3}
      propertyPath: m_LocalRotation.z
      value: -0
      objectReference: {fileID: 0}
    - target: {fileID: 2563265020844085396, guid: 1c244c9a1da58c14b973b4aa87754d90,
        type: 3}
      propertyPath: m_LocalRotation.w
      value: 1
      objectReference: {fileID: 0}
    - target: {fileID: 2563265020844085396, guid: 1c244c9a1da58c14b973b4aa87754d90,
        type: 3}
      propertyPath: m_RootOrder
      value: 3
      objectReference: {fileID: 0}
    - target: {fileID: 2563265020844085396, guid: 1c244c9a1da58c14b973b4aa87754d90,
        type: 3}
      propertyPath: m_LocalEulerAnglesHint.x
      value: 0
      objectReference: {fileID: 0}
    - target: {fileID: 2563265020844085396, guid: 1c244c9a1da58c14b973b4aa87754d90,
        type: 3}
      propertyPath: m_LocalEulerAnglesHint.y
      value: 0
      objectReference: {fileID: 0}
    - target: {fileID: 2563265020844085396, guid: 1c244c9a1da58c14b973b4aa87754d90,
        type: 3}
      propertyPath: m_LocalEulerAnglesHint.z
      value: 0
      objectReference: {fileID: 0}
    m_RemovedComponents: []
  m_SourcePrefab: {fileID: 100100000, guid: 1c244c9a1da58c14b973b4aa87754d90, type: 3}
--- !u!4 &2325843302467557102 stripped
Transform:
  m_CorrespondingSourceObject: {fileID: 2563265020844085396, guid: 1c244c9a1da58c14b973b4aa87754d90,
    type: 3}
  m_PrefabInstance: {fileID: 276274138775307898}
  m_PrefabAsset: {fileID: 0}
--- !u!1001 &2325843302466218012
PrefabInstance:
  m_ObjectHideFlags: 0
  serializedVersion: 2
  m_Modification:
    m_TransformParent: {fileID: 2325843302745297320}
    m_Modifications:
    - target: {fileID: 2563265020844085393, guid: 1c244c9a1da58c14b973b4aa87754d90,
        type: 3}
      propertyPath: m_Name
      value: Ladder (2)
      objectReference: {fileID: 0}
    - target: {fileID: 2563265020844085396, guid: 1c244c9a1da58c14b973b4aa87754d90,
        type: 3}
      propertyPath: m_LocalPosition.x
      value: 0
      objectReference: {fileID: 0}
    - target: {fileID: 2563265020844085396, guid: 1c244c9a1da58c14b973b4aa87754d90,
        type: 3}
      propertyPath: m_LocalPosition.y
      value: 0.45497918
      objectReference: {fileID: 0}
    - target: {fileID: 2563265020844085396, guid: 1c244c9a1da58c14b973b4aa87754d90,
        type: 3}
      propertyPath: m_LocalPosition.z
      value: 145.63507
      objectReference: {fileID: 0}
    - target: {fileID: 2563265020844085396, guid: 1c244c9a1da58c14b973b4aa87754d90,
        type: 3}
      propertyPath: m_LocalRotation.x
      value: -0
      objectReference: {fileID: 0}
    - target: {fileID: 2563265020844085396, guid: 1c244c9a1da58c14b973b4aa87754d90,
        type: 3}
      propertyPath: m_LocalRotation.y
      value: -0
      objectReference: {fileID: 0}
    - target: {fileID: 2563265020844085396, guid: 1c244c9a1da58c14b973b4aa87754d90,
        type: 3}
      propertyPath: m_LocalRotation.z
      value: -0
      objectReference: {fileID: 0}
    - target: {fileID: 2563265020844085396, guid: 1c244c9a1da58c14b973b4aa87754d90,
        type: 3}
      propertyPath: m_LocalRotation.w
      value: 1
      objectReference: {fileID: 0}
    - target: {fileID: 2563265020844085396, guid: 1c244c9a1da58c14b973b4aa87754d90,
        type: 3}
      propertyPath: m_RootOrder
      value: 1
      objectReference: {fileID: 0}
    - target: {fileID: 2563265020844085396, guid: 1c244c9a1da58c14b973b4aa87754d90,
        type: 3}
      propertyPath: m_LocalEulerAnglesHint.x
      value: 0
      objectReference: {fileID: 0}
    - target: {fileID: 2563265020844085396, guid: 1c244c9a1da58c14b973b4aa87754d90,
        type: 3}
      propertyPath: m_LocalEulerAnglesHint.y
      value: 0
      objectReference: {fileID: 0}
    - target: {fileID: 2563265020844085396, guid: 1c244c9a1da58c14b973b4aa87754d90,
        type: 3}
      propertyPath: m_LocalEulerAnglesHint.z
      value: 0
      objectReference: {fileID: 0}
    m_RemovedComponents: []
  m_SourcePrefab: {fileID: 100100000, guid: 1c244c9a1da58c14b973b4aa87754d90, type: 3}
--- !u!4 &276274138771945608 stripped
Transform:
  m_CorrespondingSourceObject: {fileID: 2563265020844085396, guid: 1c244c9a1da58c14b973b4aa87754d90,
    type: 3}
  m_PrefabInstance: {fileID: 2325843302466218012}
  m_PrefabAsset: {fileID: 0}
--- !u!1001 &2325843302758103460
PrefabInstance:
  m_ObjectHideFlags: 0
  serializedVersion: 2
  m_Modification:
    m_TransformParent: {fileID: 2325843302745297320}
    m_Modifications:
    - target: {fileID: 2563265020844085393, guid: 1c244c9a1da58c14b973b4aa87754d90,
        type: 3}
      propertyPath: m_Name
      value: Ladder (3)
      objectReference: {fileID: 0}
    - target: {fileID: 2563265020844085396, guid: 1c244c9a1da58c14b973b4aa87754d90,
        type: 3}
      propertyPath: m_LocalPosition.x
      value: 0
      objectReference: {fileID: 0}
    - target: {fileID: 2563265020844085396, guid: 1c244c9a1da58c14b973b4aa87754d90,
        type: 3}
      propertyPath: m_LocalPosition.y
      value: 1.6162496
      objectReference: {fileID: 0}
    - target: {fileID: 2563265020844085396, guid: 1c244c9a1da58c14b973b4aa87754d90,
        type: 3}
      propertyPath: m_LocalPosition.z
      value: 145.63507
      objectReference: {fileID: 0}
    - target: {fileID: 2563265020844085396, guid: 1c244c9a1da58c14b973b4aa87754d90,
        type: 3}
      propertyPath: m_LocalRotation.x
      value: -0
      objectReference: {fileID: 0}
    - target: {fileID: 2563265020844085396, guid: 1c244c9a1da58c14b973b4aa87754d90,
        type: 3}
      propertyPath: m_LocalRotation.y
      value: -0
      objectReference: {fileID: 0}
    - target: {fileID: 2563265020844085396, guid: 1c244c9a1da58c14b973b4aa87754d90,
        type: 3}
      propertyPath: m_LocalRotation.z
      value: -0
      objectReference: {fileID: 0}
    - target: {fileID: 2563265020844085396, guid: 1c244c9a1da58c14b973b4aa87754d90,
        type: 3}
      propertyPath: m_LocalRotation.w
      value: 1
      objectReference: {fileID: 0}
    - target: {fileID: 2563265020844085396, guid: 1c244c9a1da58c14b973b4aa87754d90,
        type: 3}
      propertyPath: m_RootOrder
      value: 0
      objectReference: {fileID: 0}
    - target: {fileID: 2563265020844085396, guid: 1c244c9a1da58c14b973b4aa87754d90,
        type: 3}
      propertyPath: m_LocalEulerAnglesHint.x
      value: 0
      objectReference: {fileID: 0}
    - target: {fileID: 2563265020844085396, guid: 1c244c9a1da58c14b973b4aa87754d90,
        type: 3}
      propertyPath: m_LocalEulerAnglesHint.y
      value: 0
      objectReference: {fileID: 0}
    - target: {fileID: 2563265020844085396, guid: 1c244c9a1da58c14b973b4aa87754d90,
        type: 3}
      propertyPath: m_LocalEulerAnglesHint.z
      value: 0
      objectReference: {fileID: 0}
    m_RemovedComponents: []
  m_SourcePrefab: {fileID: 100100000, guid: 1c244c9a1da58c14b973b4aa87754d90, type: 3}
--- !u!4 &276274138812164400 stripped
Transform:
  m_CorrespondingSourceObject: {fileID: 2563265020844085396, guid: 1c244c9a1da58c14b973b4aa87754d90,
    type: 3}
  m_PrefabInstance: {fileID: 2325843302758103460}
  m_PrefabAsset: {fileID: 0}
--- !u!1001 &2325843303794658989
PrefabInstance:
  m_ObjectHideFlags: 0
  serializedVersion: 2
  m_Modification:
    m_TransformParent: {fileID: 2325843302745297320}
    m_Modifications:
    - target: {fileID: 2563265020844085393, guid: 1c244c9a1da58c14b973b4aa87754d90,
        type: 3}
      propertyPath: m_Name
      value: Ladder (1)
      objectReference: {fileID: 0}
    - target: {fileID: 2563265020844085395, guid: 1c244c9a1da58c14b973b4aa87754d90,
        type: 3}
      propertyPath: m_SortingOrder
      value: -5
      objectReference: {fileID: 0}
    - target: {fileID: 2563265020844085396, guid: 1c244c9a1da58c14b973b4aa87754d90,
        type: 3}
      propertyPath: m_LocalPosition.x
      value: 0
      objectReference: {fileID: 0}
    - target: {fileID: 2563265020844085396, guid: 1c244c9a1da58c14b973b4aa87754d90,
        type: 3}
      propertyPath: m_LocalPosition.y
      value: -0.71001077
      objectReference: {fileID: 0}
    - target: {fileID: 2563265020844085396, guid: 1c244c9a1da58c14b973b4aa87754d90,
        type: 3}
      propertyPath: m_LocalPosition.z
      value: 145.63507
      objectReference: {fileID: 0}
    - target: {fileID: 2563265020844085396, guid: 1c244c9a1da58c14b973b4aa87754d90,
        type: 3}
      propertyPath: m_LocalRotation.x
      value: -0
      objectReference: {fileID: 0}
    - target: {fileID: 2563265020844085396, guid: 1c244c9a1da58c14b973b4aa87754d90,
        type: 3}
      propertyPath: m_LocalRotation.y
      value: -0
      objectReference: {fileID: 0}
    - target: {fileID: 2563265020844085396, guid: 1c244c9a1da58c14b973b4aa87754d90,
        type: 3}
      propertyPath: m_LocalRotation.z
      value: -0
      objectReference: {fileID: 0}
    - target: {fileID: 2563265020844085396, guid: 1c244c9a1da58c14b973b4aa87754d90,
        type: 3}
      propertyPath: m_LocalRotation.w
      value: 1
      objectReference: {fileID: 0}
    - target: {fileID: 2563265020844085396, guid: 1c244c9a1da58c14b973b4aa87754d90,
        type: 3}
      propertyPath: m_RootOrder
      value: 2
      objectReference: {fileID: 0}
    - target: {fileID: 2563265020844085396, guid: 1c244c9a1da58c14b973b4aa87754d90,
        type: 3}
      propertyPath: m_LocalEulerAnglesHint.x
      value: 0
      objectReference: {fileID: 0}
    - target: {fileID: 2563265020844085396, guid: 1c244c9a1da58c14b973b4aa87754d90,
        type: 3}
      propertyPath: m_LocalEulerAnglesHint.y
      value: 0
      objectReference: {fileID: 0}
    - target: {fileID: 2563265020844085396, guid: 1c244c9a1da58c14b973b4aa87754d90,
        type: 3}
      propertyPath: m_LocalEulerAnglesHint.z
      value: 0
      objectReference: {fileID: 0}
    m_RemovedComponents: []
  m_SourcePrefab: {fileID: 100100000, guid: 1c244c9a1da58c14b973b4aa87754d90, type: 3}
--- !u!4 &276274140103466553 stripped
Transform:
  m_CorrespondingSourceObject: {fileID: 2563265020844085396, guid: 1c244c9a1da58c14b973b4aa87754d90,
    type: 3}
  m_PrefabInstance: {fileID: 2325843303794658989}
  m_PrefabAsset: {fileID: 0}
